<?xml version="1.0" encoding="UTF-8"?><collection xmlns="http://www.loc.gov/MARC21/slim"><record><leader>00566nam--2200193-u-4500</leader><controlfield tag="001">000053103</controlfield><controlfield tag="002">20161230</controlfield><controlfield tag="005">20161230201050</controlfield><controlfield tag="008">110105s1000------------r-----000-0-eng-d</controlfield><datafield ind1=" " ind2=" " tag="020"><subfield code="a">0750304227</subfield></datafield><datafield ind1=" " ind2=" " tag="040"><subfield code="a">IFIN-HH</subfield></datafield><datafield ind1=" " ind2=" " tag="080"><subfield code="a">539.12:530.145:539.1.074</subfield></datafield><datafield ind1="1" ind2=" " tag="100"><subfield code="a">Tsipenyuk, Yuri M</subfield></datafield><datafield ind1="1" ind2="0" tag="245"><subfield code="a">Nuclear methods science and technology</subfield><subfield code="c">Yuri m. tsipenyuk</subfield></datafield><datafield ind1=" " ind2=" " tag="260"><subfield code="a">PHILADELPHIA</subfield><subfield code="b">Institute Of Physics Publishing</subfield><subfield code="c">1997</subfield></datafield><datafield ind1=" " ind2=" " tag="300"><subfield code="a">454P</subfield></datafield><datafield ind1=" " ind2=" " tag="490"><subfield code="a">Fundamental And Applied Nuclear Physics Series</subfield></datafield><datafield ind1=" " ind2=" " tag="852"><subfield code="a">81479</subfield><subfield code="c">539</subfield></datafield><datafield ind1=" " ind2=" " tag="CAT"><subfield code="a">Sys</subfield><subfield code="c">20110105</subfield><subfield code="h">144123</subfield></datafield></record></collection>